@article{Mulder2017Jul,
	author = {Mulder, T. E. and Baatsen, M. L. J. and Wubs, F. W. and Dijkstra, H. A.},
	title = {{Efficient computation of past global ocean circulation patterns using continuation in paleobathymetry}},
	journal = {Ocean Modell.},
	volume = {115},
	pages = {77--85},
	year = {2017},
	month = {Jul},
	issn = {1463-5003},
	doi = {10.1016/j.ocemod.2017.05.010}
}
@article{Barker1977Oct,
	author = {Barker, P. F. and Burrell, J.},
	title = {{The opening of Drake Passage}},
	journal = {Mar. Geol.},
	volume = {25},
	number = {1},
	pages = {15--34},
	year = {1977},
	month = {Oct},
	issn = {0025-3227},
	publisher = {Elsevier},
	doi = {10.1016/0025-3227(77)90045-7}
}
@article{Scher2006Apr,
	author = {Scher, Howie D. and Martin, Ellen E.},
	title = {{Timing and Climatic Consequences of the Opening of Drake Passage}},
	journal = {Science},
	volume = {312},
	number = {5772},
	pages = {428--430},
	year = {2006},
	month = {Apr},
	issn = {0036-8075},
	publisher = {American Association for the Advancement of Science},
	doi = {10.1126/science.1120044}
}
@article{Schmidt2007Jan,
	author = {Schmidt, D. N.},
	title = {{The closure history of the Panama Isthmus: Evidence from isotopes and fossils to models and molecules}},
	journal = {ResearchGate},
	pages = {429444},
	year = {2007},
	month = {Jan},
	url = {https://www.researchgate.net/publication/282323290_The_closure_history_of_the_Panama_Isthmus_Evidence_from_isotopes_and_fossils_to_models_and_molecules}
}
@article{Tigchelaar2011Mar,
	author = {Tigchelaar, M. and Heydt, A. S. von der and Dijkstra, H. A.},
	title = {{A new mechanism for the two-step {$\delta$}18O signal at the Eocene-Oligocene boundary}},
	journal = {Clim. Past},
	volume = {7},
	number = {1},
	pages = {235--247},
	year = {2011},
	month = {Mar},
	issn = {1814-9324},
	publisher = {Copernicus GmbH},
	doi = {10.5194/cp-7-235-2011}
}
@article{Muller2008Mar,
	author = {M{\ifmmode\ddot{u}\else\"{u}\fi}ller, R. Dietmar and Sdrolias, Maria and Gaina, Carmen and Steinberger, Bernhard and Heine, Christian},
	title = {{Long-term sea-level fluctuations driven by ocean basin dynamics}},
	journal = {Science},
	volume = {319},
	number = {5868},
	pages = {1357--1362},
	year = {2008},
	month = {Mar},
	issn = {1095-9203},
	doi = {10.1126/science.1151540}
}

@article{Hay2006Oct,
	author = {Hay, William W. and Migdisov, Areg and Balukhovsky, Alexander N. and Wold, Christopher N. and Fl{\ifmmode\ddot{o}\else\"{o}\fi}gel, Sascha and S{\ifmmode\ddot{o}\else\"{o}\fi}ding, Emanuel},
	title = {{Evaporites and the salinity of the ocean during the Phanerozoic: Implications for climate, ocean circulation and life}},
	journal = {Palaeogeogr. Palaeoclimatol. Palaeoecol.},
	volume = {240},
	number = {1},
	pages = {3--46},
	year = {2006},
	month = {Oct},
	issn = {0031-0182},
	publisher = {Elsevier},
	doi = {10.1016/j.palaeo.2006.03.044}
}
@article{Lunt2017Feb,
	author = {Lunt, Daniel J. and Huber, Matthew and Anagnostou, Eleni and Baatsen, Michiel L. J. and Caballero, Rodrigo and DeConto, Rob and Dijkstra, Henk A. and Donnadieu, Yannick and Evans, David and Feng, Ran and Foster, Gavin L. and Gasson, Ed and Heydt, Anna S. von der and Hollis, Chris J. and Inglis, Gordon N. and Jones, Stephen M. and Kiehl, Jeff and Kirtland Turner, Sandy and Korty, Robert L. and Kozdon, Reinhardt and Krishnan, Srinath and Ladant, Jean-Baptiste and Langebroek, Petra and Lear, Caroline H. and LeGrande, Allegra N. and Littler, Kate and Markwick, Paul and Otto-Bliesner, Bette and Pearson, Paul and Poulsen, Christopher J. and Salzmann, Ulrich and Shields, Christine and Snell, Kathryn and St{\ifmmode\ddot{a}\else\"{a}\fi}rz, Michael and Super, James and Tabor, Clay and Tierney, Jessica E. and Tourte, Gregory J. L. and Tripati, Aradhna and Upchurch, Garland R. and Wade, Bridget S. and Wing, Scott L. and Winguth, Arne M. E. and Wright, Nicky M. and Zachos, James C. and Zeebe, Richard E.},
	title = {{The DeepMIP contribution to PMIP4: experimental design for model simulations of the EECO, PETM, and pre-PETM (version 1.0)}},
	journal = {Geosci. Model Dev.},
	volume = {10},
	number = {2},
	pages = {889--901},
	year = {2017},
	month = {Feb},
	issn = {1991-959X},
	publisher = {Copernicus GmbH},
	doi = {10.5194/gmd-10-889-2017}
}
